


@inproceedings{RefWorks:19,
	author={Marita Franzke},
	year={1992},
	title={Using the cognitive walkthrough in iterative design},
	booktitle={Posters and Short Talks of the 1992 SIGCHI Conference on Human Factors in Computing Systems},
	series={CHI '92},
	publisher={ACM},
	address={New York, NY, USA},
	location={Monterey, California},
	pages={37-37},
	url={http://doi.acm.org/10.1145/1125021.1125056}
}

@inproceedings{RefWorks:24,
	author={Scott Bateman and Carl Gutwin and Nathaniel Osgood and Gordon McCalla},
	year={2009},
	title={Interactive usability instrumentation},
	booktitle={Proceedings of the 1st ACM SIGCHI symposium on Engineering interactive computing systems},
	publisher={ACM},
	pages={45-54}
}

@inproceedings{RefWorks:18,
	author={Clayton Lewis and Peter G. Polson and Cathleen Wharton and John Rieman},
	year={1990},
	title={Testing a walkthrough methodology for theory-based design of walk-up-and-use interfaces},
	booktitle={Proceedings of the SIGCHI Conference on Human Factors in Computing Systems},
	series={CHI '90},
	publisher={ACM},
	address={New York, NY, USA},
	location={Seattle, Washington, USA},
	pages={235-242},
	isbn={0-201-50932-6},
	url={http://doi.acm.org/10.1145/97243.97279}
}


@book{RefWorks:23,
	author={Y. Rogers and H. Sharp and J. Preece},
	year={2011},
	title={Interaction Design: Beyond Human - Computer Interaction},
	publisher={Wiley},
	note={2011006430},
	isbn={9780470665763},
	url={http://books.google.fi/books?id=b-v\_6BeCwwQC}
}


@book{RefWorks:22,
	year={1994},
	title={Usability in practice: how companies develop user-friendly products},
	publisher={Academic Press Professional, Inc},
	address={San Diego, CA, USA},
	isbn={0-12-751250-0}
}



@book{RefWorks:21,
	author={Hugh Beyer and Karen Holtzblatt},
	year={1997},
	title={Contextual design: defining customer-centered systems},
	publisher={Access Online via Elsevier}
}



@article{RefWorks:7,
	author={Val√©rie Botta-Genoulaz and Pierre-Alain Millet},
	year={2006},
	month={0},
	title={An investigation into the use of ERP systems in the service sector},
	journal={International Journal of Production Economics},
	volume={99},
	number={1-2},
	pages={202-221},
	keywords={ERP implementation; System integration; Services; Manufacturing; Healthcare},
	isbn={0925-5273}
} 

@book{RefWorks:14,
	author={Douglas Schuler and Aki Namioka},
	year={1993},
	title={Participatory design: Principles and practices},
	publisher={Routledge}
}




@article{RefWorks:16,
	author={ISO DIS},
	year={2010},
	title={9241-210: 2009. Ergonomics of human system interaction-Part 210: Human-centred design for interactive systems (formerly known as 13407)},
	journal={International Organization for Standardization (ISO).Switzerland}
}


@inbook{RefWorks:17,
	author={Johanna Viitanen and Marko Nieminen},
	editor={Holzinger,Andreas and Simonic,Klaus-Martin},
	year={2011},
	title={Usability Evaluation of Digital Dictation Procedure - An Interaction Analysis Approach},
	series={Information Quality in e-Health},
	publisher={Springer Berlin Heidelberg},
	volume={7058},
	pages={133-149},
	keywords={Usability; interaction sequence illustration analysis; digital dictation; evaluation},
	isbn={978-3-642-25363-8},
	url={http://dx.doi.org/10.1007/978-3-642-25364-5_13}
}



@article{RefWorks:12,
	author={Aaron Bangor and Philip T. Kortum and James T. Miller},
	year={2008},
	month={07/29; 2013/07},
	title={An Empirical Evaluation of the System Usability Scale},
	journal={International Journal of Human-Computer Interaction},
	volume={24},
	number={6},
	pages={574-594},
	note={doi: 10.1080/10447310802205776; M3: doi: 10.1080/10447310802205776; 03},
	isbn={1044-7318},
	url={http://www.tandfonline.com/doi/abs/10.1080/10447310802205776}
}

@article{RefWorks:10,
	author={John Brooke},
	year={1996},
	title={SUS -A quick and dirty usability scale},
	journal={Usability evaluation in industry},
	volume={189},
	pages={194}
}

@book{RefWorks:1,
	author={Alexis Leon}, 
	year={2007},
	title={Enterprise resource planning},
	publisher={Tata McGraw-Hill Education}
}

@article{RefWorks:3,
	author={F. Robert Jacobs},
	year={2007},
	title={Enterprise resource planning (ERP) - A brief history},
	journal={Journal of Operations Management},
	volume={25},
	number={2},
	pages={357-363}
}

@inproceedings{RefWorks:2,
	author={Heikki Topi and Wendy Lucas and Tamara Babaian},
	year={2005},
	title={Identifying usability issues with an ERP implementation},
	booktitle={Proceedings of the Seventh International Conference on Enterprise Information Systems},
	publisher={Citeseer}
}


@inbook{ 
	author = {Gilbert Cockton}, 
	title = {Usability Evaluation}, 
	editor = {Mads Soegaard and Rikke Friis Dam},
	booktitle = {The Encyclopedia of Human-Computer Interaction, 2nd Ed.}, 
	publisher = {The Interaction Design Foundation}, 
	year = {2013}, 
	address = {Aarhus, Denmark}, 
	url = {http://www.interaction-design.org/encyclopedia/usability_evaluation.html}
}



@inbook{RefWorks:9,
	author={Gilbert Cockton},
	editor={Mads Soegaard and Rikke Friis Dam},
	year={2013},
	title={Usability Evaluation},
	series={The Encyclopedia of Human-Computer Interaction, 2nd Ed.},
	publisher={The Interaction Design Foundation},
	address={Aarhus, Denmark},
	url={http://www.interaction-design.org/encyclopedia/usability_evaluation.html}
}
